@string{cup = {Cambridge University Press}}
@string{mit = {MIT Press}}
@string{springer = {Spring\-er-Ver\-lag}}
@string{AW = {Ad\-di\-son-Wes\-ley}}
@string{PAMI = {IEEE Transactions on Pattern Analysis and Machine Intelligence}}
@string{ijcv = {International Journal of Computer Vision}}
@string{icip = "IEEE International Conference on Image Processing"}
@String{ CUC96		= "Proceedings of the First International Component Users Conference (CUC)" }
@String{ CVPR91		= "Proceedings of the IEEE Computer Vision and Pattern Recognition Conference (CVPR)" }
@String{ CVPR01		= "Proceedings of the IEEE Computer Vision and Pattern Recognition Conference (CVPR)" }
@String{ ISAR00		= "Proceedings of the IEEE and ACM International Symposium on Augmented Reality (ISAR)" }
@String{ ISAR01		= "Proceedings of the IEEE and ACM International Symposium on Augmented Reality (ISAR)" }
@String{ ISMAR02	= "Proceedings of the IEEE and ACM International Symposium on Mixed and Augmented Reality (ISMAR)" }
@String{ ISMAR03	= "Proceedings of the Second IEEE and ACM International Symposium on Mixed and Augmented Reality (ISMAR)" }
@String{ IWAR98		= "Proceedings of the 1st International Workshop on Augmented Reality (IWAR)" }
@String{ MICCAI		= "Proceedings of the International Conference on Medical Image Computing and Computer-Assisted Intervention (MICCAI)" }
@String{ MMVR02		= "Proceedings of the 10th Annual Medicine Meets Virtual Reality Conference (MMVR)" }
@String{ MMVR03		= "Proceedings of the 11th Annual Medicine Meets Virtual Reality Conference (MMVR)" }
@String{ MMVR04		= "Proceedings of the 12th Annual Medicine Meets Virtual Reality Conference (MMVR)" }
@String{ RSNA02		= "Radiological Society of North America's 88th Scientific Assembly and Annual Meeting (RSNA)" }
@String{ SIGGRAPH96	= "SIGGRAPH 96 Computer Graphics Proceedings, Annual Conference Series" }
@String{ SPIEMI01	= "Proceedings of SPIE's Conference of Medical Imaging 2001" }

@book{gamma1994design,
  added-at = {2010-06-05T16:40:25.000+0200},
  asin = {0201633612},
  author = {Gamma, Erich and Helm, Richard and Johnson, Ralph and Vlissides, John M.},
  biburl = {https://www.bibsonomy.org/bibtex/27e3f1154ab1fbce54752a46dba7f2217/pnk},
  description = {Amazon.com: Design Patterns: Elements of Reusable Object-Oriented Software (9780201633610): Erich Gamma, Richard Helm, Ralph Johnson, John M. Vlissides: Books},
  dewey = {005.12},
  ean = {9780201633610},
  edition = 1,
  interhash = {7fe32957be97afaf4ecb38b5490d23b4},
  intrahash = {7e3f1154ab1fbce54752a46dba7f2217},
  isbn = {0201633612},
  keywords = {DBIS Design Object-Oriented Patterns SS2010 Seminar Software},
  publisher = {Addison-Wesley Professional},
  timestamp = {2010-06-05T16:40:25.000+0200},
  title = {Design Patterns: Elements of Reusable Object-Oriented Software},
  url = {http://www.amazon.com/Design-Patterns-Elements-Reusable-Object-Oriented/dp/0201633612/ref=ntt_at_ep_dpi_1},
  year = 1994
}